@misc{albergo2023stochasticinterpolantsunifyingframework,
  title         = {Stochastic Interpolants: A Unifying Framework for Flows and Diffusions},
  author        = {Michael S. Albergo and Nicholas M. Boffi and Eric Vanden-Eijnden},
  year          = {2023},
  eprint        = {2303.08797},
  archiveprefix = {arXiv},
  primaryclass  = {cs.LG},
  url           = {https://arxiv.org/abs/2303.08797}
}

@misc{song2021scorebasedgenerativemodelingstochastic,
  title         = {Score-Based Generative Modeling through Stochastic Differential Equations},
  author        = {Yang Song and Jascha Sohl-Dickstein and Diederik P. Kingma and Abhishek Kumar and Stefano Ermon and Ben Poole},
  year          = {2021},
  eprint        = {2011.13456},
  archiveprefix = {arXiv},
  primaryclass  = {cs.LG},
  url           = {https://arxiv.org/abs/2011.13456}
}

@article{anderson1982reverse,
  title     = {Reverse-time diffusion equation models},
  author    = {Anderson, Brian DO},
  journal   = {Stochastic Processes and their Applications},
  volume    = {12},
  number    = {3},
  pages     = {313--326},
  year      = {1982},
  publisher = {Elsevier}
}

@article{franzese2023much,
  title     = {How much is enough? a study on diffusion times in score-based generative models},
  author    = {Franzese, Giulio and Rossi, Simone and Yang, Lixuan and Finamore, Alessandro and Rossi, Dario and Filippone, Maurizio and Michiardi, Pietro},
  journal   = {Entropy},
  volume    = {25},
  number    = {4},
  pages     = {633},
  year      = {2023},
  publisher = {MDPI}
}

@article{albergo2023stochastic,
  title   = {Stochastic interpolants with data-dependent couplings},
  author  = {Albergo, Michael S and Goldstein, Mark and Boffi, Nicholas M and Ranganath, Rajesh and Vanden-Eijnden, Eric},
  journal = {arXiv preprint arXiv:2310.03725},
  year    = {2023}
}